<record><leader>00000cas a2200000 a 4500</leader><controlfield tag="001">10472207</controlfield><controlfield tag="008">840229d18991909ksuwr ne      0   a0eng d</controlfield><datafield ind1=" " ind2=" " tag="010"><subfield code="a">sn 84029031 </subfield></datafield><datafield ind1=" " ind2=" " tag="040"><subfield code="a">KSH</subfield><subfield code="b">eng</subfield><subfield code="c">KSH</subfield><subfield code="d">NPT</subfield><subfield code="d">OCL</subfield><subfield code="d">OCLCQ</subfield></datafield><datafield ind1=" " ind2=" " tag="042"><subfield code="a">msc</subfield></datafield><datafield ind1=" " ind2=" " tag="043"><subfield code="a">n-us-ks</subfield></datafield><datafield ind1="0" ind2="4" tag="245"><subfield code="a">The Weekly x-rays.</subfield></datafield><datafield ind1=" " ind2=" " tag="260"><subfield code="a">Arkansas City, Kan. :</subfield><subfield code="b">Arkansas City Music Pub. Co.,</subfield><subfield code="c">1899-1909.</subfield></datafield><datafield ind1=" " ind2=" " tag="300"><subfield code="a">10 v. :</subfield><subfield code="b">ill. ;</subfield><subfield code="c">28-50 cm.</subfield></datafield><datafield ind1=" " ind2=" " tag="310"><subfield code="a">Weekly</subfield></datafield><datafield ind1="0" ind2=" " tag="362"><subfield code="a">Vol. 1, no. 1 (Aug. 26, 1899)-v. 11, no. 52 (Oct. 2, 1909) ; X-rays, v. 12, no. 1 (Oct. 9, 1909) = Democrat, v. 31, no. 10.</subfield></datafield><datafield ind1=" " ind2=" " tag="500"><subfield code="a">Publisher varies.</subfield></datafield><datafield ind1=" " ind2=" " tag="752"><subfield code="a">United States</subfield><subfield code="b">Kansas</subfield><subfield code="c">Cowley</subfield><subfield code="d">Arkansas City.</subfield></datafield><datafield ind1="0" ind2="7" tag="785"><subfield code="t">Arkansas Valley democrat (Arkansas City, Kan.)</subfield><subfield code="w">(DLC)sn 84029078</subfield></datafield><datafield ind1="0" ind2="7" tag="785"><subfield code="t">Weekly x-rays-democrat</subfield><subfield code="w">(DLC)sn 84029127</subfield></datafield></record>